@article{ranftl2020towards,
  title={Towards robust monocular depth estimation: Mixing datasets for zero-shot cross-dataset transfer},
  author={Ranftl, Ren{\'e} and Lasinger, Katrin and Hafner, David and Schindler, Konrad and Koltun, Vladlen},
  journal={IEEE Transactions on Pattern Analysis and Machine Intelligence},
  year={2020}
}

@article{saxena2009make3d,
  title={Make3d: Learning 3d scene structure from a single still image},
  author={Saxena, Ashutosh and Sun, Min and Ng, Andrew Y},
  journal={IEEE Transactions on Pattern Analysis and Machine Intelligence},
  year={2009}
}

@article{jocher2023ultralytics,
  title={Ultralytics YOLOv8},
  author={Jocher, Glenn and Chaurasia, Ayush and Qiu, Jing},
  journal={https://github.com/ultralytics/ultralytics},
  year={2023}
}

@article{poggi2020uncertainty,
  title={On the uncertainty of self-supervised monocular depth estimation},
  author={Poggi, Matteo and Aleotti, Filippo and Tosi, Fabio and Mattoccia, Stefano},
  journal={IEEE/CVF Conference on Computer Vision and Pattern Recognition},
  year={2020}
}

@article{kendall2017uncertainties,
  title={What uncertainties do we need in bayesian deep learning for computer vision?},
  author={Kendall, Alex and Gal, Yarin},
  journal={Advances in Neural Information Processing Systems},
  year={2017}
}
